@book{bruning2004,
      author        = "Br{\"u}ning, Oliver Sim and Collier, Paul and Lebrun, P and
                       Myers, Stephen and Ostojic, Ranko and Poole, John and
                       Proudlock, Paul",
      title         = "{LHC Design Report}",
      publisher     = "CERN",
      address       = "Geneva",
      year          = "2004",
      doi           = {10.5170/CERN-2004-003-V-1},
}

@book{cms_tdr_1,
      author        = "CMS Colloboration",
      title         = "{CMS Physics: Technical Design Report Volume 1: Detector
                       Performance and Software}",
      publisher     = "CERN",
      collaboration = "CMS Collaboration",
      address       = "Geneva",
      series        = "Technical Design Report CMS",
      year          = "2006",
}

@article{cms_tdr_2,
      author        = "CMS Colloboration",
      title         = "{CMS Physics: Technical Design Report Volume 2: Physics
                       Performance}",
      journal       = "J. Phys. G",
      collaboration = "CMS Collaboration",
      number        = "CERN-LHCC-2006-021. CMS-TDR-8-2",
      volume        = "34",
      pages         = "995-1579. 669 p",
      year          = "2007",
      doi           = {10.1088/0954-3899/34/6/S01},
}

@article{glashow1961,
    title = "Partial-symmetries of weak interactions ",
    journal = "Nuclear Physics ",
    volume = "22",
    number = "4",
    pages = "579 - 588",
    year = "1961",
    note = "",
    issn = "0029-5582",
    doi = "http://dx.doi.org/10.1016/0029-5582(61)90469-2",
    url = "http://www.sciencedirect.com/science/article/pii/0029558261904692",
    author = "Sheldon L. Glashow",
}

@inproceedings{salam1968,
    title={Elementary Particle Physics: Relativistic Groups and Analyticity, vol},
    author={Salam, A},
    booktitle={Proceedings to the Eighth Nobel Symposium, Almquvist and Wiksell},
    year={1968}
}

@article{weinberg1967,
    title = {A Model of Leptons},
    author = {Weinberg, Steven},
    journal = {Phys. Rev. Lett.},
    volume = {19},
    issue = {21},
    pages = {1264--1266},
    numpages = {0},
    year = {1967},
    month = {Nov},
    publisher = {American Physical Society},
    doi = {10.1103/PhysRevLett.19.1264},
    url = {http://link.aps.org/doi/10.1103/PhysRevLett.19.1264}
}

@article{maxwell1863,
    title={A Dynamical Theory of the Electromagnetic Field.},
    author={Maxwell, J Clerk},
    journal={Proceedings of the Royal Society of London},
    volume={13},
    pages={531--536},
    year={1863},
    publisher={The Royal Society},
}

@book{maxwell1864,
  title={A treatise on electricity and magnetism},
  author={Maxwell, J.C.},
  number={v. 1-2},
  lccn={54012919},
  series={A Treatise on Electricity and Magnetism},
  year={1864},
}

@article{lorentz1899,
      author         = "Hendrik Lorentz",
      title          = "{Simplified Theory of Electrical and Optical Phenomena in Moving Systems}",
      journal        = "Proceedings of the Royal Netherlands Academy of Arts and Sciences",
      volume         = "1",
      pages          = "427–442",
      year           = "1899",
}


@article{einstein1904,
      author         = "Einstein, Albert",
      title          = "{On the electrodynamics of moving bodies}",
      journal        = "Annalen Phys.",
      volume         = "17",
      pages          = "891-921",
      doi            = "10.1002/andp.200590006",
      year           = "1905",
}

@Article{dirac1928,
  author =       "P. A. M. Dirac",
  title =        "The quantum theory of the electron. {I}",
  journal =      j-PROC-R-SOC-LOND-SER-A-MATH-PHYS-SCI,
  volume =       "117",
  number =       "778",
  pages =        "610--624",
  day =          "1",
  month =        feb,
  year =         "1928",
  CODEN =        "PRLAAZ",
  DOI =          "http://dx.doi.org/10.1098/rspa.1928.0023",
  ISSN =         "0080-4630",
  URL =          "http://www.jstor.org/stable/94981",
  ZMnumber =     "54.0973.01",
  fjournal =     "Proceedings of the Royal Society of London. Series A,
                 Mathematical and Physical Sciences",
  journal-URL =  "http://rspa.royalsocietypublishing.org/content/current",
  received =     "2 January 1928",
}

@Article{dirac1927,
    author =       "P. A. M. Dirac",
    title =        "The Quantum Theory of the Emission and Absorption of Radiation",
    journal =      j-PROC-R-SOC-LOND-SER-A-MATH-PHYS-SCI,
    volume =       "114",
    number =       "767",
    pages =        "243--265",
    day =          "1",
    month =        mar,
    year =         "1927",
    CODEN =        "PRLAAZ",
    DOI =          "http://dx.doi.org/10.1098/rspa.1927.0039",
    ISSN =         "0080-4630",
    URL =          "http://www.jstor.org/stable/94746",
    ZMnumber =     "53.0847.01",
    fjournal =     "Proceedings of the Royal Society of London. Series A, Mathematical and physical sciences",
    received =     "2 February 1927",
}

@Article{dirac1930,
    author =       "P. A. M. Dirac",
    title =        "A Theory of Electrons and Protons",
    journal =      j-PROC-R-SOC-LOND-SER-A-MATH-PHYS-SCI,
    volume =       "126",
    number =       "801",
    pages =        "360--365",
    day =          "1",
    month =        jan,
    year =         "1930",
    CODEN =        "PRLAAZ",
    ISSN =         "0080-4630",
    URL =          "http://www.jstor.org/stable/95359",
    ZMnumber =     "56.0751.02",
    fjournal =     "Proceedings of the Royal Society of London. Series A,
    Mathematical and physical sciences",
    journal-URL =  "http://rspa.royalsocietypublishing.org/content/current",
    received =     "6 December 1929",
}

@article{anderson1933,
    title = {The Positive Electron},
    author = {Anderson, Carl D.},
    journal = {Phys. Rev.},
    volume = {43},
    issue = {6},
    pages = {491--494},
    numpages = {0},
    year = {1933},
    month = {Mar},
    publisher = {American Physical Society},
    doi = {10.1103/PhysRev.43.491},
    url = {http://link.aps.org/doi/10.1103/PhysRev.43.491}
}

@article{lamb1947,
    author = {Lamb, Willis and Retherford, Robert},
    day = {1},
    doi = {10.1103/physrev.72.241},
    issn = {0031-899X},
    journal = {Physical Review},
    month = aug,
    number = {3},
    pages = {241--243},
    publisher = {American Physical Society},
    title = {{Fine Structure of the Hydrogen Atom by a Microwave Method}},
    url = {http://dx.doi.org/10.1103/physrev.72.241},
    volume = {72},
    year = {1947},
}

@article{bethe1947,
    author = {Bethe, H. A.},
    day = {15},
    doi = {10.1103/physrev.72.339},
    journal = {Physical Review Online Archive (Prola)},
    keywords = {newsandviews},
    month = aug,
    number = {4},
    pages = {339--341},
    publisher = {American Physical Society},
    title = {{The Electromagnetic Shift of Energy Levels}},
    url = {http://dx.doi.org/10.1103/physrev.72.339},
    volume = {72},
    year = {1947},
}

@article{tomonaga1946,
    author = {Tomonaga, S.},
    doi = {10.1143/ptp.1.27},
    journal = {Progress of Theoretical Physics},
    number = {2},
    pages = {27--42},
    publisher = {Progress of Theoretical Physics},
    title = {{On a Relativistically Invariant Formulation of the Quantum Theory of Wave Fields}},
    url = {http://dx.doi.org/10.1143/ptp.1.27},
    volume = {1},
    year = {1946},
}

@article{feynman1949,
    author = {Feynman, R. P.},
    day = {15},
    doi = {10.1103/physrev.76.769},
    journal = {Physical Review Online Archive (Prola)},
    keywords = {diagram, electrodynamics, feynman, first},
    month = sep,
    number = {6},
    pages = {769--789},
    publisher = {American Physical Society},
    title = {{Space-Time Approach to Quantum Electrodynamics}},
    url = {http://dx.doi.org/10.1103/physrev.76.769},
    volume = {76},
    year = {1949},
}

@article{dyson1949,
    author = {Dyson, F.},
    doi = {10.1103/physrev.75.486},
    issn = {0031-899X},
    journal = {Physical Review},
    keywords = {classic, dyson\_series, qed},
    month = feb,
    number = {3},
    pages = {486--502},
    publisher = {American Physical Society},
    title = {{The Radiation Theories of Tomonaga, Schwinger, and Feynman}},
    url = {http://dx.doi.org/10.1103/physrev.75.486},
    volume = {75},
    year = {1949},
}

@article{schwinger1948,
    author = {Schwinger, Julian},
    doi = {10.1103/physrev.73.416},
    journal = {Physical Review Online Archive (Prola)},
    keywords = {classic},
    month = feb,
    number = {4},
    pages = {416--417},
    publisher = {American Physical Society},
    title = {{On Quantum-Electrodynamics and the Magnetic Moment of the Electron}},
    url = {http://dx.doi.org/10.1103/physrev.73.416},
    volume = {73},
    year = {1948},
}

@misc{pauli1930,
    author = {Pauli, Wolfgang},
    title = {Open letter to the group of radioactive people at the {Gauverein}
        meeting in {T{\"u}bingen}},
    month = dec,
    year = {1930},
    howpublished = letter,
}

@article{fermi1934,
    year = {1934},
    issn = {0044-3328},
    journal = {Zeitschrift für Physik},
    volume = {88},
    number = {3-4},
    doi = {10.1007/BF01351864},
    title = {Versuch einer Theorie der $\beta$-Strahlen. I},
    url = {http://dx.doi.org/10.1007/BF01351864},
    publisher = {Springer-Verlag},
    author = {Fermi, Enrico},
    pages = {161-177},
    language = {German}
}

@ARTICLE{rochester1947,
    author = {{Rochester}, G.~D. and {Butler}, C.~C.},
    title = "{Evidence for the Existence of New Unstable Elementary Particles}",
    journal = {Nature},
    year = 1947,
    month = dec,
    volume = 160,
    pages = {855-857},
    doi = {10.1038/160855a0},
}

@ARTICLE{brown1949,
    author = {{Brown}, R. and {Camerini}, U. and {Fowler}, P.~H. and {Muirhead}, H. and 
        {Powell}, C.~F. and {Ritson}, D.~M.},
    title = "{Observations with Electron-Sensitive Plates Exposed to Cosmic Radiation}",
    journal = {Nature},
    year = 1949,
    month = jan,
    volume = 163,
    pages = {82-87},
    doi = {10.1038/163082a0},
}

@article{lee1956,
    title = {Question of Parity Conservation in Weak Interactions},
    author = {Lee, T. D. and Yang, C. N.},
    journal = {Phys. Rev.},
    volume = {104},
    issue = {1},
    pages = {254--258},
    numpages = {0},
    year = {1956},
    month = {Oct},
    publisher = {American Physical Society},
    doi = {10.1103/PhysRev.104.254},
    url = {http://link.aps.org/doi/10.1103/PhysRev.104.254},
}

@article{wu1956,
    title = {Experimental Test of Parity Conservation in Beta Decay},
    author = {Wu, C. S. and Ambler, E. and Hayward, R. W. and Hoppes, D. D. and Hudson, R. P.},
    journal = {Phys. Rev.},
    volume = {105},
    issue = {4},
    pages = {1413--1415},
    numpages = {0},
    year = {1957},
    month = {Feb},
    publisher = {American Physical Society},
    doi = {10.1103/PhysRev.105.1413},
    url = {http://link.aps.org/doi/10.1103/PhysRev.105.1413},
}

@article{garwin1957,
    title = {Observations of the Failure of Conservation of Parity and Charge Conjugation in Meson Decays: the Magnetic Moment of the Free Muon},
    author = {Garwin, Richard L. and Lederman, Leon M. and Weinrich, Marcel},
    journal = {Phys. Rev.},
    volume = {105},
    issue = {4},
    pages = {1415--1417},
    numpages = {0},
    year = {1957},
    month = {Feb},
    publisher = {American Physical Society},
    doi = {10.1103/PhysRev.105.1415},
    url = {http://link.aps.org/doi/10.1103/PhysRev.105.1415},
}
